@article{suganthan2005problem,
  title={Problem definitions and evaluation criteria for the CEC 2005 special session on real-parameter optimization},
  author={Suganthan, Ponnuthurai N and Hansen, Nikolaus and Liang, Jing J and Deb, Kalyanmoy and Chen, Ying-Ping and Auger, Anne and Tiwari, Santosh},
  journal={KanGAL report},
  volume={2005005},
  pages={2005},
  year={2005},
  publisher={Nanyang Technological University Singapore}
}

@Inbook{Fogel1996,
author="Fogel, David B.
and Fogel, Lawrence J.",
editor="Alliot, Jean-Marc
and Lutton, Evelyne
and Ronald, Edmund
and Schoenauer, Marc
and Snyers, Dominique",
title="An introduction to evolutionary programming",
bookTitle="Artificial Evolution: European Conference, AE 95 Brest, France, September 4--6, 1995 Selected Papers",
year="1996",
publisher="Springer Berlin Heidelberg",
address="Berlin, Heidelberg",
pages="21--33",
isbn="978-3-540-49948-0"
}



@Article{Beyer2002,
author="Beyer, Hans-Georg
and Schwefel, Hans-Paul",
title="Evolution strategies -- A comprehensive introduction",
journal="Natural Computing",
year="2002",
volume="1",
number="1",
pages="3--52",
abstract="This article gives a comprehensive introduction into one of the main branches of evolutionary computation -- the evolution strategies (ES) the history of which dates back to the 1960s in Germany. Starting from a survey of history the philosophical background is explained in order to make understandable why ES are realized in the way they are. Basic ES algorithms and design principles for variation and selection operators as well as theoretical issues are presented, and future branches of ES research are discussed.",
issn="1572-9796"
}

@Inbook{Eiben2015_whatevolutionary,
author="Eiben, A. E.
and Smith, J. E.",
title="What Is an Evolutionary Algorithm?",
bookTitle="Introduction to Evolutionary Computing",
year="2015",
publisher="Springer Berlin Heidelberg",
address="Berlin, Heidelberg",
pages="25--48",
isbn="978-3-662-44874-8"
}

@article{Eiben20021,
title = "Evolutionary computing ",
journal = "Information Processing Letters ",
volume = "82",
number = "1",
pages = "1 - 6",
year = "2002",
note = "Evolutionary Computation ",
issn = "0020-0190",
author = "A.E. Eiben and M. Schoenauer",
keywords = "Evolutionary computing",
keywords = "Genetic algorithms",
keywords = "Genetic programming",
keywords = "Evolution strategies",
keywords = "Evolutionary programming "
}

@Inbook{Michalewicz1997,
author="Michalewicz, Zbigniew
and Hinterding, Robert
and Michalewicz, Maciej",
editor="Pedrycz, Witold",
title="Evolutionary Algorithms",
bookTitle="Fuzzy Evolutionary Computation",
year="1997",
publisher="Springer US",
address="Boston, MA",
pages="3--31",
isbn="978-1-4615-6135-4"
}

@Inbook{Eiben2015_problems,
author="Eiben, A. E.
and Smith, J. E.",
title="Problems to Be Solved",
bookTitle="Introduction to Evolutionary Computing",
year="2015",
publisher="Springer Berlin Heidelberg",
address="Berlin, Heidelberg",
pages="1--12",
isbn="978-3-662-44874-8"
}

@Inbook{Eiben2015_origins,
author="Eiben, A. E.
and Smith, J. E.",
title="Evolutionary Computing: The Origins",
bookTitle="Introduction to Evolutionary Computing",
year="2015",
publisher="Springer Berlin Heidelberg",
address="Berlin, Heidelberg",
pages="13--24",
isbn="978-3-662-44874-8"
}

@article{zhang2015comprehensive,
  title={A comprehensive survey on particle swarm optimization algorithm and its applications},
  author={Zhang, Yudong and Wang, Shuihua and Ji, Genlin},
  journal={Mathematical Problems in Engineering},
  volume={2015},
  year={2015},
  publisher={Hindawi Publishing Corporation}
}

@Article{Storn1997,
author="Storn, Rainer
and Price, Kenneth",
title="Differential Evolution -- A Simple and Efficient Heuristic for global Optimization over Continuous Spaces",
journal="Journal of Global Optimization",
year="1997",
volume="11",
number="4",
pages="341--359",
abstract="A new heuristic approach for minimizing possiblynonlinear and non-differentiable continuous spacefunctions is presented. By means of an extensivetestbed it is demonstrated that the new methodconverges faster and with more certainty than manyother acclaimed global optimization methods. The newmethod requires few control variables, is robust, easyto use, and lends itself very well to parallelcomputation.",
issn="1573-2916"
}

@Inbook{Das2008,
author="Das, Swagatam
and Abraham, Ajith
and Konar, Amit",
editor="Liu, Ying
and Sun, Aixin
and Loh, Han Tong
and Lu, Wen Feng
and Lim, Ee-Peng",
title="Particle Swarm Optimization and Differential Evolution Algorithms: Technical Analysis, Applications and Hybridization Perspectives",
bookTitle="Advances of Computational Intelligence in Industrial Systems",
year="2008",
publisher="Springer Berlin Heidelberg",
address="Berlin, Heidelberg",
pages="1--38",
isbn="978-3-540-78297-1"
}

@article{Hauschild2011111,
title = "An introduction and survey of estimation of distribution algorithms ",
journal = "Swarm and Evolutionary Computation ",
volume = "1",
number = "3",
pages = "111 - 128",
year = "2011",
note = "",
issn = "2210-6502",
author = "Mark Hauschild and Martin Pelikan",
keywords = "Stochastic optimization",
keywords = "Estimation of distribution algorithms",
keywords = "Probabilistic models",
keywords = "Model building",
keywords = "Decomposable problems",
keywords = "Evolutionary computation "
}

@misc{andreasson2005introduction,
  title={An Introduction to Optimization: Foundations and Fundamental Algorithms},
  author={Andr{\'e}asson, Niclas and Evgrafov, Anton and Patriksson, Michael},
  year={2005},
  publisher={Chalmers University of Technology Press}
}

@book{engelbrecht2007computational,
  title={Computational intelligence: an introduction},
  author={Engelbrecht, Andries P},
  year={2007},
  publisher={John Wiley \& Sons}
}

@article{mitchel1999evolutionary,
 ISSN = {00664162},
 author = {Melanie Mitchell and Charles E. Taylor},
 journal = {Annual Review of Ecology and Systematics},
 pages = {593-616},
 publisher = {Annual Reviews},
 title = {Evolutionary Computation: An Overview},
 volume = {30},
 year = {1999}
}

@article{povsik2004estimation,
  title={Estimation of Distribution Algorithms},
  author={Po{\v{s}}{\i}k, Petr},
  journal={Czech Technical University, Faculty of Electrical Engineering, Dept. of Cybernetics},
  year={2004},
  publisher={Citeseer}
}

@article{Whitley1996245,
title = "Evaluating evolutionary algorithms ",
journal = "Artificial Intelligence ",
volume = "85",
number = "1â2",
pages = "245 - 276",
year = "1996",
note = "",
issn = "0004-3702",
author = "Darrell Whitley and Soraya Rana and John Dzubera and Keith E. Mathias"
}
